@book{2000_author,
  title={Your Reference},
  author={Author},
  volume={000},
  year={2000},
  publisher={ABC}
}